%% This BibTeX bibliography file was created using BibDesk.
%% http://bibdesk.sourceforge.net/

%% Created for Andrea Blasco at 2019-09-26 12:47:52 -0400 


%% Saved with string encoding Unicode (UTF-8) 



@article{lu2003expression,
	Author = {Lu, Peng and Nakorchevskiy, Aleksey and Marcotte, Edward M},
	Date-Added = {2019-09-26 12:46:15 -0400},
	Date-Modified = {2019-09-26 12:46:15 -0400},
	Journal = {Proceedings of the National Academy of Sciences},
	Number = {18},
	Pages = {10370--10375},
	Publisher = {National Acad Sciences},
	Title = {Expression deconvolution: a reinterpretation of DNA microarray data reveals dynamic changes in cell populations},
	Volume = {100},
	Year = {2003}}

@article{shen2010cell,
	Author = {Shen-Orr, Shai S and Tibshirani, Robert and Khatri, Purvesh and Bodian, Dale L and Staedtler, Frank and Perry, Nicholas M and Hastie, Trevor and Sarwal, Minnie M and Davis, Mark M and Butte, Atul J},
	Date-Added = {2019-09-26 12:44:45 -0400},
	Date-Modified = {2019-09-26 12:44:45 -0400},
	Journal = {Nature methods},
	Number = {4},
	Pages = {287},
	Publisher = {Nature Publishing Group},
	Title = {Cell type--specific gene expression differences in complex tissues},
	Volume = {7},
	Year = {2010}}

@article{wang2016extraction,
	Author = {Wang, Zichen and Monteiro, Caroline D and Jagodnik, Kathleen M and Fernandez, Nicolas F and Gundersen, Gregory W and Rouillard, Andrew D and Jenkins, Sherry L and Feldmann, Axel S and Hu, Kevin S and McDermott, Michael G and others},
	Date-Added = {2019-09-26 12:26:27 -0400},
	Date-Modified = {2019-09-26 12:26:27 -0400},
	Journal = {Nature communications},
	Pages = {12846},
	Publisher = {Nature Publishing Group},
	Title = {Extraction and analysis of signatures from the Gene Expression Omnibus by the crowd},
	Volume = {7},
	Year = {2016}}

@article{corsello2017drug,
	Author = {Corsello, Steven M and Bittker, Joshua A and Liu, Zihan and Gould, Joshua and McCarren, Patrick and Hirschman, Jodi E and Johnston, Stephen E and Vrcic, Anita and Wong, Bang and Khan, Mariya and others},
	Date-Added = {2019-09-26 12:26:14 -0400},
	Date-Modified = {2019-09-26 12:26:14 -0400},
	Journal = {Nature medicine},
	Number = {4},
	Pages = {405},
	Publisher = {Nature Publishing Group},
	Title = {The Drug Repurposing Hub: a next-generation drug library and information resource},
	Volume = {23},
	Year = {2017}}

@article{subramanian2017next,
	Author = {Subramanian, Aravind and Narayan, Rajiv and Corsello, Steven M and Peck, David D and Natoli, Ted E and Lu, Xiaodong and Gould, Joshua and Davis, John F and Tubelli, Andrew A and Asiedu, Jacob K and others},
	Date-Added = {2019-09-26 12:25:36 -0400},
	Date-Modified = {2019-09-26 12:25:36 -0400},
	Journal = {Cell},
	Number = {6},
	Pages = {1437--1452},
	Publisher = {Elsevier},
	Title = {A next generation connectivity map: L1000 platform and the first 1,000,000 profiles},
	Volume = {171},
	Year = {2017}}
